@preamble{ " \newcommand{\noop}[1]{} " }
@unpublished{Gu_valence_2024,
	title = {Entwined codes of odor pleasantness and facial affect below awareness},
	year = {\noop{3001}in preparation},
	author = {Gu, Fei and Yun, Hanqi and Chen, Wei and Zhou, Wen},
}