@inproceedings{Gu_ISOT_2024,
	title = {Odors evoke unique oscillatory response profiles in the macaque amygdala},
	eventtitle = {[Poster session]. 19th International Symposium on Olfaction and Taste. Reykjavik, Iceland},
	author = {Gu, Fei and Yuan, Liu and Zhou, Wen and Dai, Ji},
	date = {2024-06},
}

@inproceedings{Gu_brownbag_2023,
	title = {Odor-specific oscillatory response profiles in the macaque amygdala},
	eventtitle = {[Talk session]. Brown Bag Series in the State Key Laboratory of Brain and Cognitive Science. Beijing, China},
	author = {Gu, Fei and Yuan, Liu and Zhou, Wen and Dai, Ji},
	date = {2023-10},
}

@inproceedings{Gu_ucas_2019,
	title = {Interaction between olfactory and visual valence in the amygdala},
	eventtitle = {[Talk session]. University of Chinese Academy of Sciences. Beijing, China},
	author = {Gu, Fei and Chen, Wei and Zhou, Wen},
	date = {2019-11},
}