@article{shan2022mapping,
  title     = {Mapping the emergence of visual consciousness in the human brain via brain-wide intracranial electrophysiology},
  author    = {Shan, Liang and Huang, Hui and Zhang, Zhiting and Wang, Yuyin and Gu, Fei and Lu, Mingwei and Zhou, Wen and Jiang, Yi and Dai, Ji},
  journal   = {The Innovation},
  volume    = {3},
  number    = {3},
  year      = {2022},
  publisher = {Elsevier}
}

@article{shan2023neural,
  title     = {Neural integration of audiovisual sensory inputs in macaque amygdala and adjacent regions},
  author    = {Shan, Liang and Yuan, Liu and Zhang, Bo and Ma, Jian and Xu, Xiao and Gu, Fei and Jiang, Yi and Dai, Ji},
  journal   = {Neuroscience Bulletin},
  volume    = {39},
  number    = {12},
  pages     = {1749--1761},
  year      = {2023},
  publisher = {Springer}
}